3034 5017
528 443 653 506 144
1372 451 1600 498 mmm
1646 450 2004 499 aunum!

610 609 861 676 Relicta
892 607 1287 692 Hawghton,
1316 625 1434 691 per
1462 627 1728 686 annum,
1756 607 1898 670 1201.
1933 606 2132 672 Unde
2157 605 2354 672 soluti
2377 606 2569 673 dictoe
2592 607 2824 689 viduae,

520 697 590 762 in
634 697 851 783 vigilia
898 695 1119 762 Sancti
1160 693 1434 758 Thomae
1470 692 1798 779 Apostoli,
1826 713 1946 778 per
1997 715 2273 779 puerum
2305 693 2581 760 Roberti
2613 695 2824 776 clei-k,

530 785 672 850 1211.
760 783 855 848 Et
926 782 1117 846 nieta-

610 869 863 936 Relicta
882 805 1269 956 <kyrlunan,
1296 887 1417 952 per
1460 887 1728 947 annum,
1765 868 1913 932 1201.
2001 864 2241 934 Quieta
2286 887 2403 953 per
2452 867 2501 932 J
2503 869 2826 934 ohannem

524 955 977 1046 Greynswerd.

610 1126 1652 1196 MAsYNnnwssn.—Christofer
1677 1125 1959 1205 Trotter,
1987 1145 2107 1210 per
2151 1147 2419 1206 annum,
2461 1134 2559 1191 33.
2633 1127 2796 1193 Und

524 1217 719 1284 soluti
768 1217 1000 1297 eidem,
1042 1215 1113 1280 in
1160 1213 1373 1300 vigilia
1422 1213 1646 1280 Sancti
1687 1213 1958 1278 Thomae
1988 1213 2313 1298 Apostoli,
2357 1235 2473 1300 per
2501 1213 2800 1278 Thomat

524 1305 703 1382 Raw,
724 1310 840 1384 33.,
870 1312 938 1368 et
966 1301 1244 1388 quietus.

606 1391 892 1454 Thomas
926 1385 1416 1475 Smyrthwhatt,
1446 1406 1565 1471 per
1606 1407 1871 1467 annum,
1916 1392 2011 1450 33.
2103 1384 2301 1454 Unde
2343 1386 2544 1453 soluti
2590 1386 2829 1466 eidem,

521 1497 639 1563 per
667 1475 1025 1542 Robertum
1059 1474 1286 1558 Crage,
1318 1480 1404 1538 20
1431 1472 1839 1552 Decembris,
1861 1479 1980 1550 33.,
2011 1481 2077 1538 et
2106 1471 2386 1556 quietus.

612 1561 935 1628 Robertus
991 1561 1317 1639 Werdale,
1385 1581 1502 1644 per
1565 1581 1831 1638 annum,
1899 1566 1991 1624 33.
2105 1559 2406 1640 Quietus,
2469 1559 2540 1624 in
2609 1561 2827 1646 vigilia

521 1649 792 1715 Thomae
822 1647 1145 1734 Apostoli,
1174 1655 1324 1711 ante
1356 1645 1610 1726 Natale,
1641 1653 1736 1710 33.

610 1737 797 1802 Uxor
824 1735 869 1801 J
872 1734 1145 1800 ohannis
1190 1735 1471 1811 Trotter,
1500 1753 1616 1817 per
1656 1754 1923 1812 annum,
1952 1737 2048 1796 33.
2138 1732 2336 1798 Unde
2377 1733 2573 1797 soluti
2608 1733 2822 1798 eidem

521 1823 568 1888 J
570 1822 831 1901 ohanni,
860 1843 994 1908 proe
1038 1819 1359 1898 manibus,
1394 1819 1542 1883 12d.
1572 1828 1640 1884 et
1681 1819 1892 1884 eidem
1935 1839 2054 1904 per
2083 1817 2446 1885 Robertum
2477 1820 2711 1898 Blunt,
2743 1826 2822 1884 20

520 1909 923 1989 Decembris,
952 1915 1046 1973 23.
1076 1917 1145 1974 et
1172 1905 1409 1992 quieta.

607 1997 893 2063 Thomas
926 1996 1204 2080 Har-per,
1225 2015 1343 2078 per
1371 2013 1638 2071 annum,
1668 1998 1762 2056 33.
1855 1991 2050 2058 Unde
2075 1992 2270 2056 soluti
2288 1992 2495 2060 eidem
2520 2015 2642 2078 per
2659 1993 2820 2056 Wil-

519 2082 807 2151 lielmum
835 2083 1117 2160 Trotter,
1146 2081 1215 2145 in
1246 2078 1351 2144 die
1384 2077 1605 2142 Sancti
1633 2079 1904 2144 Thomae
1939 2079 2257 2164 Apostoli,
2289 2090 2357 2144 et
2385 2079 2672 2166 quietus·

604 2170 941 2236 Johannes
1002 2169 1197 2247 Rose‚
1254 2187 1372 2252 per
1428 2186 1694 2244 annum,
1757 2173 1852 2230 33.
1945 2165 2247 2246 Quietus,
2305 2188 2423 2252 per
2481 2165 2816 2232 Simonem

521 2255 949 2344 Gayrstayne,
982 2261 1061 2320 16
1092 2254 1137 2320 J
1139 2251 1404 2318 anuarii.

604 2345 824 2426 Agnes
871 2342 1208 2426 Davyson,
1259 2360 1376 2425 per
1426 2360 1692 2417 annum,
1754 2343 1847 2403 33.
1939 2338 2134 2405 Unde
2182 2339 2379 2404 soluti
2423 2337 2661 2420 eidem,
2705 2361 2815 2426 per

514 2427 563 2492 J
564 2429 886 2494 ohannem
918 2427 1187 2507 Mawer,
1215 2434 1333 2506 33.,
1362 2436 1429 2492 et
1456 2426 1693 2512 quieta,
1725 2432 1811 2490 20
1839 2425 2242 2491 Decembris.

607 2514 855 2579 Relicta
911 2511 1332 2598 Dycheburn,
1389 2533 1506 2597 per
1563 2534 1831 2592 annum,
1897 2519 1989 2576 33.
2111 2512 2310 2578 Unde
2369 2511 2569 2578 soluti
2628 2513 2810 2578 dictae

514 2599 748 2680 viduae,
777 2621 895 2686 per
925 2599 1279 2684 Georgium
1308 2597 1566 2678 Skelus,
1597 2606 1713 2678 33.,
1743 2608 1810 2664 et
1884 2599 2076 2664 uicta.

604 2687 853 2752 Relicta
884 2685 1138 2766 Clerke,
1184 2705 1302 2772 per
1347 2707 1614 2764 annum,
1659 2692 1756 2752 33.
1839 2621 2041 2751 {Inde
2090 2685 2286 2751 soluti
2331 2705 2449 2770 per
2493 2684 2702 2751 filium
2743 2685 2806 2750 in

516 2773 619 2841 die
650 2773 871 2840 Sancti
897 2774 1168 2838 Thomae
1198 2771 1525 2857 Apostoli,
1552 2781 1620 2835 et
1648 2772 1884 2856 quieta.

608 2859 938 2947 Myehaell
991 2860 1287 2941 Preston,
1327 2880 1445 2943 per
1486 2879 1754 2936 annum,
1798 2867 1891 2922 33.
1981 2858 2178 2925 Unde
2225 2857 2423 2923 soluti
2470 2857 2703 2941 eidem,
2741 2860 2804 2924 in

512 2947 617 3012 die
648 2947 869 3013 Sancti
895 2946 1167 3012 Thomae
1196 2943 1520 3031 Apostoli,
1550 2954 1619 3009 et
1645 2944 1925 3030 quietus.
2086 3024 2094 3031 ,

598 3035 645 3100 J
647 3035 903 3100 ohanna
940 3033 1270 3119 [Mariona
1298 3033 1668 3110 interlined]
1715 3031 2073 3117 Robynson
2113 3031 2225 3116 [de
2255 3031 2593 3118 Wyngayt
2619 3035 2803 3098 inter-

510 3121 730 3206 linedJ,
751 3142 869 3206 per
888 3143 1152 3199 annum,
1183 3127 1277 3184 33.
1368 3118 1564 3184 Unde
1589 3117 1784 3182 soluti
1803 3119 1988 3183 dictae
2011 3119 2284 3199 mulieri,
2307 3141 2424 3202 per
2446 3119 2799 3185 Robertum

509 3207 590 3272 M
636 3207 850 3286 lburn,
878 3207 945 3270 in
978 3207 1081 3270 die
1112 3204 1333 3272 Sancti
1361 3205 1632 3269 Thomae
1659 3205 1982 3290 Apostoli,
2013 3211 2106 3270 33.
2137 3215 2204 3270 et
2275 3205 2468 3270 uieta.

667 3313 785 3356 xor
814 3293 1072 3356 Ricardi
1103 3291 1279 3370 Hau,
1308 3313 1426 3375 per
1461 3313 1727 3370 annum,
1757 3298 1853 3356 33.
1943 3291 2140 3356 Unde
2187 3314 2260 3356 so
2286 3291 2382 3355 uti
2407 3290 2666 3376 teidem,
2693 3315 2800 3379 per

510 3378 858 3444 Ricardum
892 3378 1068 3456 Hall,
1096 3377 1166 3441 in
1197 3376 1301 3440 die
1331 3377 1556 3441 Sancti
1583 3378 1874 3458 Thomoe,
1905 3387 1972 3443 et
2000 3379 2240 3463 quieta.

595 3466 640 3530 J
644 3465 933 3530 ohannes
963 3463 1377 3540 Wodmosse,
1407 3484 1525 3548 per
1568 3485 1832 3542 annum,
1880 3471 1973 3528 33.
2093 3465 2288 3531 Unde
2333 3463 2531 3529 soluti
2574 3465 2797 3548 eidem,

505 3551 575 3616 in
606 3551 709 3615 die
740 3550 961 3614 Sancti
988 3550 1257 3613 Thomae
1280 3549 1603 3632 Apostoli,
1634 3559 1701 3614 et
1731 3552 2004 3635 quietus.

594 3638 923 3720 Margaret
954 3636 1184 3721 Kaley,
1214 3657 1329 3720 per
1368 3657 1634 3710 annum,
1679 3643 1774 3699 33.
1864 3636 2060 3702 Unde
2103 3637 2299 3702 soluti
2347 3638 2536 3702 dictae
2565 3639 2792 3720 viduoe,

504 3745 621 3811 per
649 3723 694 3789 J
697 3724 1017 3788 ohannem
1048 3721 1429 3800 Tedcastell,
1462 3729 1538 3784 21
1577 3721 1978 3803 Decembris,
2008 3733 2075 3788 et
2105 3725 2338 3808 quieta.

592 3809 947 3876 Nicholaus
980 3807 1246 3892 Cragge,
1292 3828 1409 3892 per
1446 3830 1710 3888 annum,
1756 3815 1850 3873 33.
1941 3811 2139 3876 Unde
2184 3811 2380 3877 soluti
2423 3811 2658 3894 eidem,
2686 3836 2792 3900 per

506 3897 867 3964 Robertum
900 3895 1125 3980 Crago,
1154 3902 1241 3958 20
1271 3894 1674 3976 DecembriS,
1704 3902 1824 3974 33.,
1853 3905 1921 3961 et
1950 3896 2184 3982 quieta.

1084 4239 1542 4306 EXPENSAE
1587 4240 2212 4310 NECESSARIAE.

588 4417 863 4480 Tonsio
898 4437 1137 4483 ovum
1170 4436 1371 4480 APUD
1419 4415 1910 4482 Mmmisx
1955 4439 2044 4483 m*
2078 4418 2560 4486 nomm-Et
2605 4422 2784 4488 soluti

500 4521 620 4585 pro
650 4501 949 4567 tonsione
980 4504 1199 4570 ovium
1229 4502 1403 4588 apud
1436 4502 1701 4582 Holme,
1729 4523 1847 4588 per
1873 4504 2203 4588 ballivum,
2228 4512 2358 4571 153.

2928 1167 2951 1296 Ἴ,

2871 1297 2951 1388 ..Δ
