3034 5017
763 487 1129 535 noemam
1178 488 1707 539 nui-mummia
1758 477 2034 542 1531-2.
2468 484 2555 547 49

327 640 536 705 Unde
589 640 786 705 soluti
837 662 955 727 per
1003 642 1360 730 Georgium
1405 646 1693 713 Heddon
1733 647 1967 713 iterum
1998 648 2081 715 de
2124 670 2379 717 summa
2404 672 2552 738 pre·

217 727 444 807 dicta,
471 727 543 791 in
585 726 690 792 die
718 728 1128 811 Animarum,
1173 731 1244 795 in
1273 754 1430 799 auro
1461 736 1547 799 51.
1640 732 1919 801 Quietus
1947 734 2017 799 in
2048 746 2353 823 compoto
2381 738 2553 805 inter

217 836 428 964 uegit
449 900 795 967 deliberavi
823 902 1118 988 predicto
1150 903 1433 991 Georgio
1473 913 1558 969 24
1591 905 1985 972 Novembris
2012 907 2083 973 iu
2113 909 2389 993 pecunia
2422 914 2549 977 151.

220 994 304 1051 et
355 986 428 1049 in
456 1009 612 1051 auro
661 995 798 1054 203.
889 989 1160 1055 Summa
1185 994 1312 1057 161.
1401 992 1629 1058 Soluto
1679 1002 1747 1059 et
1790 992 2048 1078 quietus
2091 993 2161 1059 in
2204 995 2551 1063 liberatura

224 1074 272 1149 7
313 1072 702 1139 Decembris
731 1096 902 1140 anno
941 1083 1128 1155 1531,
1158 1086 1225 1143 et
1253 1077 1534 1163 quietus.

333 1246 626 1312 Emcm
661 1268 1144 1317 ronanam..—

333 1594 660 1662 Sonucxo
693 1616 1491 1667 oAnuAunnmonou.-

327 1939 626 2005 Emcm
656 1962 837 2007 vnn.
856 1941 1054 2006 —Et
1080 1941 1149 2006 in
1182 1948 1221 2005 2
1250 1942 1655 2029 hogeshedes
1683 1942 1820 2008 vini
1850 1942 2020 2009 rubii
2050 1952 2117 2008 et
2149 1950 2179 2009 1
2216 1944 2549 2031 hogeshed

227 2026 378 2093 vini
407 2027 630 2091 clareti
659 2028 895 2113 emptis
925 2028 1006 2092 de
1037 2030 1344 2113 magistro
1376 2030 1679 2109 Lawson‚
1708 2052 1825 2115 per
1851 2029 1898 2094 J
1902 2031 2225 2095 ohannem
2268 2030 2549 2118 Bukley,

227 2112 320 2177 ad
348 2116 668 2178 403.-61.
758 2114 956 2181 Unde
979 2115 1174 2179 soluti
1196 2115 1406 2181 eidem
1424 2136 1543 2201 per
1570 2116 1889 2180 famulum
1918 2137 2159 2194 meum,
2189 2123 2267 2179 12
2300 2116 2549 2181 Febru-

227 2198 375 2279 arii,
413 2210 494 2263 ut
519 2209 702 2285 patet
749 2223 868 2286 per
894 2202 1136 2282 binam,
1175 2212 1244 2267 et
1273 2202 1553 2288 quietus·
1643 2203 1736 2268 Et
1787 2202 1867 2266 de
1908 2202 2165 2267 Thomu
2191 2202 2238 2267 J
2240 2224 2451 2267 onson
2504 2210 2545 2267 3

228 2287 608 2371 hogesheds
637 2286 776 2351 vini
819 2290 906 2353 51.
940 2294 1072 2352 153.
1162 2290 1254 2353 Et
1299 2289 1557 2374 quietus
1602 2289 1671 2353 in
1720 2297 2026 2374 compoto
2072 2288 2243 2354 inter
2286 2311 2431 2367 noe,
2464 2296 2542 2353 21

231 2372 432 2451 Maii,
476 2392 650 2437 anno
685 2380 872 2438 1532.
962 2374 1054 2439 Et
1084 2376 1165 2440 de
1195 2375 1448 2440 Thomu
1480 2376 1668 2443 Potts
1712 2383 1753 2438 3
1786 2375 2151 2459 hogesheds
2194 2375 2332 2440 vini
2376 2376 2549 2441 rubii

233 2461 324 2522 51.
357 2465 454 2524 63.
479 2462 584 2524 Sd.
676 2460 954 2526 Quietus
1003 2482 1122 2545 per
1166 2461 1561 2526 Nicholaum
1602 2461 1975 2540 Newsham,
2006 2468 2045 2526 8
2076 2462 2320 2547 Aprilis
2372 2484 2547 2527 anno

236 2550 438 2609 1531.
530 2546 658 2609 Pro
707 2546 1080 2631 portacione
1126 2548 1421 2632 ejusdem
1467 2548 1580 2613 nil.
1669 2548 1761 2611 Et
1812 2548 1893 2613 de
1954 2546 2242 2613 Roberto
2296 2548 2551 2613 Brand-

231 2630 436 2717 lynge
496 2640 536 2694 3
585 2632 988 2717 hogeshedes
1045 2634 1184 2699 vini
1241 2636 1325 2698 61.
1416 2634 1508 2698 Et
1560 2633 1641 2698 de
1692 2634 1941 2713 eodem,
2001 2654 2116 2720 per
2173 2634 2220 2699 J
2224 2635 2549 2700 ohannem

235 2717 524 2817 Bukiey‚
554 2726 597 2781 4
625 2719 990 2803 hogesheds
1033 2718 1171 2784 vini
1213 2719 1384 2820 ruini
1424 2730 1492 2785 et
1538 2719 1779 2800 clareti,
1828 2720 1909 2784 ad
1940 2724 2255 2821 ‘toas—Sl.
2343 2722 2437 2786 Et
2466 2720 2547 2787 de

233 2815 550 2953 ffizff
580 2804 950 2977 ἓὲἶιὶῗᾶ.
977 2816 1134 2956 Ἥ
1175 2810 1376 2957 ἒῗέὲ
1387 2805 2547 2977 δέὶᾱθῐέξ’,ἰῖῗὲἶξᾏιῖἓῗωῃξθξὲιὲῑ

235 2997 356 3059 per
385 2975 913 3062 acquietanciam,
945 2981 1029 3041 81.
1061 2987 1128 3043 et
1157 2979 1434 3063 quietus,
1525 2979 1616 3041 Et
1646 2979 1727 3042 de
1767 2977 1813 3041 J
1816 2979 2073 3041 ohanne
2104 2975 2475 3039 Sanderson
2503 2983 2547 3040 4

234 3061 570 3146 hogeshed
621 3063 758 3127 vini
809 3067 894 3138 71.
931 3071 1064 3128 133.
1086 3066 1192 3129 4⁶2.
1284 3064 1479 3131 Unde
1512 3063 1709 3129 soluti
1738 3062 1949 3127 eidem
1992 3062 2062 3124 in
2109 3060 2359 3125 decima
2404 3066 2545 3125 303.

237 3156 306 3211 et
331 3150 401 3212 in
418 3148 698 3233 pecunia
727 3150 900 3234 apud
921 3150 1190 3215 Yarrow
1213 3152 1297 3215 61.
1321 3158 1416 3214 33.
1435 3152 1543 3213 4d.
1633 3150 1725 3213 Et
1755 3148 1834 3211 de
1865 3146 2171 3231 magistro
2192 3146 2471 3209 Lawson
2500 3153 2545 3211 4

236 3233 646 3318 hogeshedes
673 3236 809 3299 vini
839 3236 1076 3321 emptis
1105 3258 1222 3321 per
1249 3237 1295 3301 J
1299 3238 1624 3301 ohannem
1656 3233 1910 3319 Bukley
1942 3236 2027 3297 81.
2119 3230 2399 3301 Quietus
2428 3254 2547 3317 per

239 3320 580 3399 famulum,
609 3330 688 3385 ut
715 3331 896 3406 patet
923 3344 1040 3407 per
1077 3323 1605 3408 acquietanciam.
1695 3321 1786 3384 Et
1813 3319 1883 3383 in
1928 3330 1967 3383 2
2009 3319 2377 3403 hogesheds
2407 3319 2545 3385 vini

239 3408 476 3491 emptis
510 3408 592 3471 de
621 3407 927 3492 magistro
975 3410 1330 3473 Mathoson
1379 3410 1459 3474 de
1508 3407 1694 3486 Hull,
1742 3406 1825 3471 ad
1852 3408 2171 3470 403.-41.
2264 3405 2543 3471 Quietus

240 3490 306 3553 in
335 3502 648 3578 compoto
679 3503 745 3558 et
775 3494 1024 3559 decima
1051 3495 1222 3558 inter
1249 3518 1394 3573 noe,
1423 3516 1595 3557 anno
1632 3499 1819 3557 1532.

588 3578 858 3644 Summa
904 3582 1032 3644 661.
1084 3588 1216 3645 153.
1306 3581 1504 3646 Unde
1552 3578 2013 3643 subtrahantur
2063 3600 2183 3665 pro
2236 3586 2543 3663 compoto

673 3666 754 3729 de
805 3689 982 3731 anno
1025 3666 1314 3752 presenti
1357 3669 1487 3731 531.
1578 3666 1944 3729 Remanent
1987 3686 2105 3749 pro
2151 3687 2323 3730 anno
2374 3672 2541 3731 1532

673 3755 796 3815 131.
834 3760 968 3817 153.

333 3922 379 4006 [.
414 3968 431 3986 .
467 3968 483 3985 .
515 3924 769 3988 Thoma
793 3926 999 3991 Blunt
1020 3948 1139 4011 pro
1162 3932 1200 3991 3
1232 3925 1404 3990 ulnis
1434 3925 1797 3989 liberaturae
1827 3923 1896 3987 in
1928 3923 2197 3989 diversis
2228 3924 2415 3987 annis
2446 3930 2544 3988 63.

239 4007 338 4073 De
367 4010 604 4073 eodem
631 4032 751 4094 pro
774 4022 1215 4096 agestamento
1239 4034 1422 4097 equae
1444 4033 1561 4097 per
1585 4018 1623 4076 3
1647 4032 1855 4075 annos
1888 4016 2015 4079 103.
2107 4011 2187 4074 In
2208 4010 2539 4091 maryine]

319 4180 615 4247 Eupcm
649 4186 1221 4253 senonum—Et
1257 4186 1328 4248 in
1372 4191 1402 4247 1
1456 4206 1624 4269 equo
1664 4192 1887 4267 empto
1930 4184 2008 4247 de
2042 4180 2331 4245 Roberto
2362 4178 2543 4264 Byd-

241 4265 367 4351 dyk
402 4270 537 4343 173.
569 4271 674 4333 ed.
766 4271 857 4333 Et
895 4272 964 4334 in
1001 4279 1030 4334 1
1068 4293 1234 4355 equo
1282 4280 1503 4355 empto
1554 4271 1633 4334 de
1673 4270 1927 4333 Thoma
1959 4267 2192 4331 Bluntt
2229 4266 2358 4339 173.
2448 4264 2541 4329 Et

237 4350 304 4414 in
336 4360 368 4415 1
402 4375 572 4439 equo
604 4365 826 4441 empto
859 4358 940 4421 de
969 4357 1192 4423 relicta
1224 4356 1579 4443 Kechynge
1611 4363 1748 4421 203.
1838 4355 1931 4419 Et
1957 4354 2027 4417 in
2056 4360 2087 4417 1
2118 4372 2284 4435 equo
2316 4360 2539 4438 empto

238 4457 352 4520 per
376 4441 693 4509 famulum
725 4464 942 4514 meum
1031 4492 1049 4514 .

2147 4545 2191 4592 E
