3034 5017
479 480 562 537 28
1327 490 1553 534 LIBER
1600 486 1959 533 nummum

567 644 657 709 Ε(
685 643 754 708 in
789 650 870 709 14
899 642 1111 713 vaccis
1165 641 1404 727 emptis
1455 642 1629 727 apud
1684 640 2011 721 Hexham,
2061 639 2131 704 in
2184 639 2288 705 die
2318 640 2821 725 Apostolorum

479 730 763 797 Simonis
795 742 860 796 et
889 730 1104 811 Judae,
1135 730 1219 793 ad
1256 737 1380 794 103.
1415 726 1720 807 4d.,—7l.
1743 737 1839 794 43.
1871 729 1973 791 ed.

567 817 659 881 Et
686 817 753 881 in
786 825 825 882 2
857 818 1068 883 vaccis
1099 815 1338 901 emptis
1369 815 1544 900 apud
1574 816 1899 892 Darnton,
1922 814 2003 878 ad
2040 821 2172 879 103.
2204 816 2565 895 4ιί.,-203.
2596 820 2715 881 sd.

565 904 657 967 Ε(
685 905 755 969 in
785 904 1088 992 expensis
1119 902 1294 987 apud
1325 901 1633 967 Hexham
1664 910 1731 964 6(
1762 900 2061 963 Darnton
2092 908 2188 966 33.
2216 903 2321 966 Sd.
2362 976 2370 983 ,
2410 903 2502 967 Ε(
2532 904 2815 967 cuidam

475 991 709 1055 latroni
758 994 934 1078 apud
981 991 1286 1054 Hexham
1315 995 1411 1052 33.
1435 988 1541 1051 4cl.
1632 987 1724 1051 Ε(
1770 986 1839 1050 in
1886 987 2188 1072 expensis
2236 987 2411 1073 apud
2462 989 2812 1071 Darnton,

476 1099 595 1163 per
625 1077 984 1143 Robertum
1017 1076 1180 1141 Best
1209 1083 1276 1139 6(
1306 1074 1576 1151 socium,
1609 1072 1714 1138 sd.
2122 1128 2127 1131 .

567 1164 854 1228 Fulwell.
899 1165 1004 1227 De
1056 1162 1358 1227 Johanne
1410 1160 1726 1244 Mabhoye
1780 1165 1819 1224 6
1872 1158 2097 1241 bove&
2126 1160 2300 1225 unde
2354 1167 2385 1225 1
2442 1161 2523 1226 ad
2559 1170 2726 1244 183.,
2762 1176 2807 1227 2

475 1250 678 1316 boves
709 1249 790 1313 ad
828 1256 959 1313 163.
987 1248 1200 1332 (323.),
1221 1257 1259 1311 2
1284 1246 1486 1311 boves
1519 1246 1599 1310 ad
1625 1253 1755 1310 153.
1786 1245 1973 1329 (303.)
1981 1293 2002 1325 ,
2034 1258 2101 1311 6(
2126 1254 2156 1311 1
2181 1248 2265 1311 ad
2291 1252 2621 1329 14s.,-4l.
2660 1259 2807 1315 143.

477 1337 569 1400 Ε(
598 1335 668 1399 in
698 1345 738 1398 2
769 1334 982 1401 bobus
1013 1334 1252 1419 emptis
1283 1334 1363 1398 de
1392 1333 1647 1397 Thoma
1679 1332 2081 1417 Robyngson
2136 1334 2215 1398 de
2260 1334 2509 1415 eadem,
2538 1338 2723 1401 unde
2764 1346 2797 1400 1

477 1422 559 1486 ad
594 1424 750 1501 173.,
781 1432 848 1487 6(
882 1429 912 1485 1
949 1422 1033 1486 ad
1067 1429 1200 1485 163.
1231 1422 1591 1499 4ιί.,-333.
1620 1421 1727 1483 4d.
1816 1420 1909 1483 Et
1959 1418 2027 1482 in
2082 1427 2125 1481 4
2176 1418 2389 1486 bobus
2434 1422 2679 1507 emptis
2712 1424 2803 1488 de

479 1508 738 1573 Ricardi
767 1509 1158 1595 Atkyngson
1191 1508 1272 1571 de
1303 1506 1553 1583 eadem,
1584 1506 1664 1569 ad
1704 1507 2088 1585 173.,-683.

566 1594 982 1681 Southwyke.
1072 1595 1163 1659 Ε(
1189 1595 1260 1658 in
1306 1602 1337 1657 1
1373 1592 1541 1657 bove
1572 1602 1795 1676 empto
1828 1592 1907 1657 de
1936 1593 2159 1657 relicta
2187 1592 2404 1678 Wayk
2434 1594 2515 1658 de
2546 1594 2801 1660 South—

477 1681 660 1767 wyke
698 1683 830 1758 173.
919 1680 1014 1745 Ε(
1063 1681 1128 1744 in
1187 1688 1224 1744 2
1272 1677 1485 1745 bobus
1540 1678 1775 1763 emptis
1838 1679 1917 1742 de
1975 1680 2230 1743 Thoma
2284 1680 2647 1767 Keohynge
2702 1684 2796 1747 de

477 1768 722 1847 eadem,
771 1768 944 1834 unde
1002 1774 1032 1830 1
1091 1768 1174 1831 ad
1229 1772 1382 1845 163.,
1413 1774 1480 1829 6(
1534 1771 1561 1829 1
1598 1765 1681 1829 ad
1716 1771 2099 1845 173.,-333.
2220 1765 2310 1830 Ε(
2354 1765 2426 1829 in
2478 1775 2517 1830 3
2571 1766 2797 1833 bobus

477 1854 713 1940 emptis
760 1855 841 1919 de
885 1853 1240 1919 willielmo
1294 1852 1458 1937 Baly
1489 1853 1571 1917 (16
1624 1851 1870 1932 eadem,
1901 1852 2074 1917 unde
2105 1862 2144 1916 2
2178 1853 2260 1917 ad
2290 1859 2443 1933 163.,
2492 1862 2560 1918 6(
2612 1862 2644 1919 1
2705 1857 2796 1919 ad

483 1942 870 2021 15s.‚-47s.

562 2028 972 2093 Wermuthe.
1060 2027 1154 2091 Et
1199 2026 1269 2091 in
1312 2034 1350 2091 2
1398 2025 1611 2090 bobus
1664 2025 1901 2110 emptis
1961 2026 2043 2091 de
2104 2024 2380 2090 Ricardo
2444 2026 2651 2111 Crago
2706 2028 2793 2093 de

476 2115 848 2195 Wermuth,
879 2116 961 2179 ad
997 2121 1379 2193 153.,-303,
1469 2112 1562 2177 Ε(
1589 2112 1659 2175 in
1706 2118 1743 2174 2
1772 2112 2013 2197 emptis
2043 2113 2125 2177 (16
2156 2111 2447 2177 Roberto
2476 2114 2789 2199 Atkyng—

477 2224 596 2265 son
629 2203 708 2266 de
739 2200 986 2279 eadem,
1015 2201 1188 2265 unde
1224 2208 1256 2263 1
1294 2200 1377 2263 ad
1411 2206 1568 2277 163.,
1590 2208 1657 2261 6(
1692 2204 1722 2261 1
1759 2198 1842 2261 ad
1874 2206 2251 2279 153.,-313,
2297 2199 2391 2262 Ε(
2418 2198 2489 2262 in
2509 2206 2546 2263 2
2570 2199 2789 2265 bobus

476 2287 713 2372 emptis
745 2286 826 2351 de
858 2286 1141 2370 Georgio
1179 2286 1536 2370 Kechynge
1582 2284 1662 2347 de
1711 2284 1958 2366 eadem,
2003 2285 2175 2349 unde
2235 2292 2264 2348 1
2323 2285 2407 2349 ad
2442 2291 2599 2365 143„
2629 2296 2698 2351 6(
2752 2295 2781 2350 l

474 2373 558 2436 ad
592 2380 724 2436 153.

565 2458 946 2523 Hedworth.
1037 2459 1128 2523 Ε(
1155 2459 1222 2522 in
1272 2465 1309 2522 2
1340 2456 1553 2523 bobus
1584 2459 1819 2543 emptis
1854 2459 1933 2522 de
1966 2457 2254 2523 Roberto
2278 2458 2415 2523 Atk
2462 2481 2673 2545 ngson
2705 2461 2789 2526 de

479 2546 862 2623 Hedworth,
911 2545 992 2609 ad
1043 2551 1427 2623 143.,-283.
1515 2545 1608 2609 Ε(
1635 2546 1703 2609 in
1758 2554 1785 2608 1
1822 2543 1989 2611 bove
2022 2545 2101 2609 de
2130 2545 2384 2609 Thoma
2414 2481 2789 2632 {rompton

475 2633 557 2697 (16
589 2632 813 2698 eadem
849 2639 982 2697 163.
1071 2632 1164 2697 Ε(
1191 2632 1262 2696 in
1295 2640 1327 2695 1
1360 2630 1529 2697 bove
1561 2641 1784 2715 empto
1814 2632 1895 2696 de
1920 2631 2266 2715 Radulpho
2299 2632 2670 2717 Brompton
2702 2636 2784 2699 de

473 2719 697 2784 eadem
734 2726 866 2784 133.
900 2721 1005 2784 ed.

563 2807 844 2871 Harton.
888 2807 982 2871 Et
1008 2804 1076 2869 in
1124 2813 1161 2870 2
1193 2806 1404 2871 bobus
1435 2806 1675 2892 emptis
1707 2807 1787 2870 de
1815 2806 1863 2871 J
1866 2805 2067 2871 acobo
2101 2806 2457 2893 Kechynge
2490 2808 2568 2874 de
2604 2808 2782 2872 Har-

473 2904 612 2975 ton,
643 2894 818 2958 unde
863 2901 888 2956 1
927 2894 1009 2956 ad
1047 2901 1200 2973 163.,
1229 2903 1296 2958 6(
1331 2901 1360 2956 1
1399 2893 1481 2957 ad
1520 2900 1903 2973 173.,-333.
1992 2893 2084 2956 Ε(
2112 2894 2179 2958 in
2210 2904 2250 2957 2
2283 2893 2495 2958 bobus
2540 2896 2784 2980 emptis

475 2982 554 3048 de
605 2982 653 3047 J
655 2982 911 3047 ohanne
945 2979 1310 3067 Brompton
1357 2980 1436 3045 de
1481 2980 1707 3045 eadem
1738 2987 1875 3045 343.
1966 2980 2057 3043 Ε(
2083 2980 2151 3044 in
2187 2987 2217 3043 1
2255 2980 2421 3047 bove
2456 2988 2612 3061 163.,
2641 2991 2711 3046 6(
2740 2992 2782 3045 2

471 3070 682 3135 vaccis
731 3069 966 3155 emptis
1013 3069 1095 3133 ad
1126 3076 1285 3148 203.,
1317 3068 1397 3131 (16
1422 3066 1777 3131 Willielmo
1810 3067 2189 3152 Bartrayme
2230 3066 2311 3131 (16
2360 3068 2609 3147 eadem,
2640 3076 2781 3133 363.

474 3156 567 3219 Ε(
605 3156 673 3219 in
709 3164 740 3219 1
775 3154 942 3219 bove
975 3165 1197 3239 empto
1243 3156 1323 3218 de
1369 3154 1592 3218 relicta
1623 3154 1903 3217 Chamer
1956 3154 2036 3217 de
2088 3154 2313 3218 eadem
2349 3160 2480 3219 163.
2570 3155 2665 3217 Ε(
2712 3156 2782 3219 in

474 3241 730 3305 duobus
761 3240 971 3303 bobus
1003 3242 1239 3324 empssis
1271 3240 1350 3303 de
1383 3240 1660 3303 Ricardo
1693 3242 1980 3325 Peyrson
2002 3241 2081 3304 (16
2113 3240 2337 3303 eadem
2368 3248 2505 3304 323.
2596 3242 2690 3305 Ε(
2711 3242 2782 3305 in

475 3333 512 3389 3
546 3325 758 3390 bobus
790 3326 1027 3409 emptis
1080 3326 1159 3389 (16
1215 3325 1503 3389 Roberto
1559 3325 1961 3411 Robyngson
1992 3326 2073 3390 de
2104 3327 2330 3390 eadem
2358 3334 2496 3391 413.
2587 3328 2680 3391 Ε(
2708 3328 2779 3391 in

471 3419 513 3476 2
545 3411 756 3477 bobus
787 3410 1021 3495 emptis
1053 3412 1132 3474 de
1165 3411 1439 3475 Ricardo
1471 3411 1709 3495 Wayte
1760 3413 1839 3477 de
1870 3413 2117 3493 eadem,
2147 3414 2322 3477 unde
2361 3421 2388 3475 1
2425 3414 2508 3477 ad
2545 3420 2701 3491 163.,
2741 3423 2772 3478 1

473 3499 556 3563 ad
591 3506 742 3576 193.,
773 3508 838 3563 6(
876 3501 903 3558 l
939 3520 1130 3561 vacca
1159 3499 1241 3562 ad
1281 3505 1657 3576 103.,-453.
1749 3498 1841 3563 Ε(
1868 3499 1937 3561 in
1975 3508 2002 3563 1
2061 3500 2228 3565 bove
2280 3509 2503 3585 empto
2550 3502 2629 3564 de
2662 3500 2779 3564 Ri-

473 3586 664 3649 cardo
698 3585 978 3649 Newton
1011 3586 1090 3649 de
1122 3585 1344 3649 eadem
1385 3594 1515 3650 193.
2494 3592 2499 3597 ’

559 3672 872 3737 Westow.
919 3671 1010 3735 Ε(
1038 3672 1106 3735 in
1143 3680 1172 3735 1
1210 3672 1378 3739 bove
1409 3682 1630 3758 empto
1663 3673 1742 3737 de
1776 3672 2139 3739 Cuthberto
2172 3675 2453 3760 Rogerly
2473 3673 2553 3739 (16
2577 3674 2774 3739 Wes—

471 3768 624 3839 (οΨ,
658 3760 790 3834 173.
853 3758 944 3821 Ε(
971 3758 1039 3821 in
1073 3766 1110 3821 2
1133 3758 1346 3824 bobus
1370 3760 1606 3844 emptis
1631 3760 1710 3824 (16
1734 3758 2023 3824 Roberto
2056 3760 2412 3846 Kechynge
2445 3761 2525 3826 de
2548 3761 2777 3827 eadem

471 3853 609 3909 303.
699 3845 791 3909 Ε(
818 3844 888 3908 in
924 3851 953 3906 1
995 3843 1158 3909 1)ον6
1194 3849 1349 3925 173.,
1379 3856 1447 3910 6(
1476 3854 1514 3909 2
1546 3846 1756 3910 vaccis
1792 3853 1949 3925 183.,
1982 3848 2061 3910 (16
2114 3848 2362 3927 eadem,
2404 3848 2642 3933 emptis
2692 3849 2775 3913 de

473 3932 795 3996 Richardo
828 3931 1455 4017 Robyngson-—36.s·.
1546 3934 1637 3996 Ε(
1666 3932 1735 3995 in
1767 3939 1804 3995 2
1848 3932 2085 4017 emptis
2132 3934 2211 3996 (16
2258 3933 2566 3999 Eduardo
2600 3935 2773 3999 Har-

468 4042 585 4105 per
615 4020 695 4083 de
727 4019 972 4097 eadem,
995 4019 1168 4082 unde
1205 4026 1232 4080 1
1272 4019 1352 4081 ad
1379 4022 1537 4097 173.,
1562 4029 1627 4082 6(
1655 4024 1686 4082 1
1722 4019 1803 4082 ad
1839 4026 1970 4083 133.
2002 4022 2358 4099 4ά.,--303.
2383 4022 2490 4084 4d.
2581 4020 2672 4084 Ε(
2701 4022 2772 4086 in

469 4115 506 4172 2
539 4106 751 4171 bobus
783 4105 1017 4189 emptis
1050 4106 1129 4167 (16
1159 4105 1202 4168 J
1207 4106 1458 4169 ohanne
1483 4105 1937 4191 Wylkyngson
1964 4112 2101 4169 333.
2129 4108 2234 4169 4α’.
2296 4108 2387 4169 Ε(
2402 4108 2471 4171 in
2492 4116 2533 4170 2
2559 4105 2773 4173 bobus

468 4194 703 4279 emptis
736 4194 815 4256 (16
844 4192 1096 4255 Thoma
1128 4192 1438 4255 Randson
1470 4192 1552 4255 de
1574 4192 1799 4256 eadem
1830 4199 1967 4256 363.
1998 4192 2172 4256 unde
2214 4192 2408 4257 soluti
2455 4194 2668 4258 eidem
2698 4196 2769 4259 in

467 4291 716 4362 partem
749 4278 1095 4343 solucionis
1127 4284 1239 4355 6⁸„
1259 4289 1325 4341 6(
1354 4278 1622 4343 allocavi
1652 4279 1719 4342 in
1748 4278 1933 4343 firma
1952 4280 2032 4343 de
2056 4280 2348 4344 Westow
2376 4287 2531 4359 123.,
2564 4289 2631 4345 6(
2652 4304 2771 4365 per

468 4366 816 4431 Ricardum
839 4367 1120 4431 Newton
1158 4371 1288 4428 183.
1376 4366 1468 4427 Ε(
1495 4364 1566 4427 in
1600 4372 1630 4428 1
1666 4365 1833 4430 bove
1864 4375 1931 4431 6(
1957 4374 1988 4429 1
2019 4387 2210 4430 vacca
2238 4366 2476 4451 emptis
2509 4367 2589 4431 de
2622 4367 2770 4433 Ste-

466 4450 682 4535 phano
714 4451 1120 4537 Symonsyde
1149 4458 1286 4516 263.
1319 4454 1422 4517 Sd.
1513 4452 1604 4519 Et
1630 4449 1699 4519 in
1728 4462 1768 4519 2
1801 4452 2012 4523 bobus
2042 4452 2279 4538 emptis
2312 4453 2391 4521 de
2411 4452 2767 4525 Willielmo

469 4532 792 4601 Cuthbert
821 4537 900 4601 de
931 4539 1154 4603 eadem
1185 4546 1322 4603 313.
