3034 5017
755 492 1122 541 neemiam
1169 492 1693 541 nuntiantur·
1744 480 2021 541 1530-1.
2456 470 2539 533 28

232 645 652 713 Decembris.
696 647 791 711 Et
835 656 918 713 21
969 647 1222 730 Marcii,
1272 648 1470 715 soluti
1529 646 1794 713 domino
1851 648 2121 712 Thomoe
2197 642 2538 710 Howburn

231 819 279 884 J
279 842 564 887 anunm
597 742 718 887 5153}
733 737 1039 887 ⁴¹:iomino
1107 823 1152 888 J
1157 821 1396 887 ohanni
1457 823 1699 887 Brown
1756 819 2219 887 communiat-io
2280 828 2371 885 53.
2430 819 2540 881 4d.

597 908 876 974 Quietus
905 908 978 971 in
1006 920 1312 995 compoto
1341 911 1512 973 inter
1540 931 1662 973 nos
1692 930 1865 972 anno
1901 914 2090 972 1530.

237 994 605 1061 Februarii.
650 996 742 1059 Et
770 995 1038 1061 domino
1066 995 1113 1062 J
1116 996 1356 1061 ohanni
1385 996 1685 1082 Eyrsden
1718 994 1915 1060 soluti
1943 994 2011 1059 in
2036 1000 2345 1078 compoto
2374 990 2542 1054 inter

595 1104 738 1161 ῐιοε,
774 1090 850 1145 15
885 1082 1288 1163 DecembriS,
1319 1104 1490 1146 anno
1522 1088 1707 1147 1532.

240 1168 506 1233 Marcii.
548 1169 643 1233 Et
670 1168 936 1233 domino
965 1169 1013 1234 J
1015 1170 1256 1234 ohanni
1281 1170 1528 1234 Porter.
1590 1168 1892 1248 Quietus,
1927 1175 2007 1231 16
2039 1164 2446 1244 Decembris,
2474 1164 2545 1228 in

595 1266 902 1341 compoto
917 1256 1088 1321 inter
1108 1278 1232 1320 nos
1262 1278 1432 1319 anno
1471 1262 1658 1320 1532.
1748 1255 1839 1319 Et
1866 1256 2148 1341 quietus.

239 1341 514 1430 Aprilis.
557 1342 652 1407 Et
703 1350 790 1406 29
843 1342 1030 1424 Maii,
1089 1342 1288 1409 soluti
1345 1342 1612 1409 domino
1674 1342 2041 1408 cuthberto
2102 1341 2547 1427 Heghyngton

241 1515 500 1581 Maius·
595 1437 689 1494 53.
718 1431 828 1494 4d.

240 1810 784 1879 RESOLUCIO
817 1810 999 1879 PRO
1027 1810 1361 1881 TERRIS
1391 1812 1522 1879 AD
1553 1810 1936 1882 FIRMAM
1959 1794 2577 1877 AFFIRMATIS.'

329 1994 808 2061 Elemosinario
837 1996 1268 2063 Dunelm0nsi
1318 2018 1438 2084 pro
1489 1997 1677 2062 firma
1729 1997 1809 2063 de
1855 1994 2232 2081 Northrylle
2271 1998 2409 2057 533.
2438 1990 2546 2053 401.

244 2080 336 2145 Et
365 2081 578 2146 eidem
607 2103 728 2167 pro
748 2082 934 2147 firma
962 2084 1156 2147 unius
1181 2085 1382 2148 clausi
1411 2084 1627 2149 vocati
1662 2083 1964 2147 Holcroft
1994 2089 2130 2145 603.
2222 2078 2549 2144 Robertus

242 2166 484 2231 Elstob
533 2189 656 2253 pro
707 2176 876 2233 terra
924 2169 994 2231 in
1023 2168 1607 2255 Westmeryngton
1658 2191 1777 2254 per
1823 2190 2067 2232 annum
2118 2173 2251 2230 123.
2348 2163 2549 2228 Unde

243 2254 448 2319 soluti
475 2254 685 2319 eidem
715 2276 830 2338 per
861 2254 1196 2320 Simonem
1226 2256 1687 2342 Wylkyngson
1712 2263 1790 2319 25
1823 2254 1871 2319 J
1873 2254 2009 2317 unii
2040 2260 2135 2319 63.
2232 2252 2323 2315 Et
2354 2248 2551 2315 soluti

241 2340 462 2405 eidem
503 2362 620 2423 per
649 2340 986 2405 dominum
1019 2342 1382 2409 Robertum
1408 2343 1809 2429 Myddylton
1830 2341 2255 2429 ⁵capellanum
2300 2346 2381 2405 26
2406 2336 2549 2403 Nou

242 2426 532 2495 vembris
563 2435 657 2495 63.
737 2426 832 2493 Et
859 2427 1140 2511 quietus.
1866 2470 1884 2481 -

851 2743 1326 2813 REDDITUS
1373 2745 1945 2814 RESOLUTUS.

331 2925 624 2993 Domino
646 2927 980 3014 Episcopo
996 2949 1116 3015 pro
1144 2927 1386 2993 fixione
1417 2930 1627 3015 stagni
1656 2926 2014 2994 molendini
2041 2924 2113 2990 in
2143 2924 2397 2989 Actmr
2426 2943 2543 3007 per

249 3036 492 3078 annum
527 3016 670 3080 12d.
780 3016 978 3081 Unde
1009 3016 1204 3080 soluti
1233 3017 1444 3081 eidem
1475 3016 1809 3100 Episcopo
1842 3022 1878 3076 5
1912 3015 2077 3077 Dec.
2108 3012 2175 3075 in
2208 3007 2540 3073 Dunelmo

251 3112 318 3163 a⁰
351 3108 542 3180 1530,
576 3103 724 3166 12d.
811 3102 905 3165 Et
927 3103 1205 3188 quietus·

357 3188 452 3251 Et
509 3188 716 3252 eidem
785 3210 906 3274 pro
977 3189 1298 3253 landmale
1357 3196 1396 3252 3
1456 3185 1907 3273 burgagiorum
1984 3182 2150 3249 infra
2223 3198 2537 3249 BURGUM

249 3275 607 3341 Dmmmu.
645 3277 828 3351 15kd.
941 3273 1032 3338 Et
1060 3275 1270 3339 eidem
1313 3297 1431 3361 pro
1465 3274 1785 3339 landmalc
1817 3282 1857 3337 4
1888 3272 2341 3357 burgagiorum
2370 3271 2541 3336 infra

251 3360 697 3427 SADLERGAT
728 3362 875 3436 sid.
984 3361 1075 3425 Et
1117 3362 1328 3427 eidem
1358 3383 1477 3447 pro
1507 3361 1657 3425 finis
1701 3372 1768 3425 et
1812 3359 2004 3425 sectis
2046 3360 2365 3423 curiarum
2416 3357 2540 3424 ibi-

250 3446 398 3511 dem
422 3449 526 3513 ed.
614 3448 705 3512 Et
743 3448 954 3513 eidem
996 3470 1116 3533 pro
1145 3469 1278 3511 uno
1308 3446 1615 3533 burgagio
1645 3447 1970 3533 quondam
2002 3444 2339 3511 willielmi
2370 3446 2539 3511 Fen-

247 3533 396 3619 wyk
439 3534 750 3617 capellani
812 3534 953 3596 12d.
1072 3533 1164 3597 Et
1221 3532 1430 3597 eidein
1487 3555 1607 3617 pro
1665 3555 1798 3597 uno
1851 3532 2158 3616 burgagio
2212 3532 2540 3617 quondam

247 3618 291 3683 J
295 3620 570 3683 ohannis
594 3620 890 3684 Mathow
927 3620 1066 3684 l2d.
1156 3618 1352 3685 Unde
1401 3619 1598 3683 soluti
1646 3619 1937 3705 predicto
1976 3619 2307 3707 Episcopo
2340 3625 2375 3682 5
2403 3618 2539 3683 De-

251 3706 524 3769 cembris
549 3728 720 3770 anno
755 3713 946 3785 1530,
974 3712 1069 3770 43.
1104 3708 1207 3770 Sd.
1297 3704 1388 3768 Et
1416 3705 1693 3789 quietus·

332 3792 425 3855 Et
457 3790 840 3855 coronatori
893 3792 1188 3877 ejusdem
1240 3792 1486 3855 domini
1537 3791 1850 3876 Episcopi
1896 3812 2014 3876 pro
2063 3792 2245 3855 exitu
2289 3792 2370 3855 de
2401 3814 2534 3858 uno

248 3887 390 3942 orto
441 3878 510 3941 in
544 3877 1036 3941 SADLERGATT
1067 3878 1147 3941 ad
1184 3887 1430 3942 motam
1484 3878 1731 3942 domini
1777 3878 2088 3963 Episcopi
2130 3899 2248 3963 per
2291 3900 2535 3942 annum

251 3966 393 4028 1203.
487 3964 682 4029 Unde
729 3964 923 4029 soluti
982 3964 1189 4028 eidem
1249 3964 1581 4050 Episcopo
1633 3985 1750 4049 per
1797 3963 2117 4029 'rhomam
2150 3964 2403 4029 Casson
2452 3966 2532 4039 17

247 4049 628 4115 Decembris
661 4055 809 4117 12d.
897 4050 990 4114 Et
1019 4050 1296 4136 quietus.

331 4137 423 4201 Et
469 4136 758 4201 Roberto
791 4137 1038 4201 Millett
1079 4158 1197 4221 pro
1247 4135 1448 4201 libera
1493 4137 1679 4201 firma
1708 4146 1984 4201 exeunte
2034 4138 2113 4202 de
2171 4158 2302 4201 uno
2355 4145 2534 4201 tene-

245 4234 466 4287 mento
524 4224 593 4286 in
655 4244 840 4287 nono
894 4224 1398 4288 DUNELMENSI
1460 4223 1789 4308 quondam
1856 4223 2177 4289 Johannis
2238 4222 2535 4290 Mathow

245 4332 450 4395 nuper
497 4310 844 4394 impetrato
888 4332 1006 4394 per
1051 4308 1386 4375 dominum
1434 4310 1722 4374 Priorem
1752 4332 1871 4394 pro
1901 4308 2182 4374 cantaria
2210 4308 2255 4371 J
2259 4309 2533 4375 ohannis

245 4396 526 4461 Jakeson
563 4397 642 4460 de
673 4396 1018 4485 Esyngton
1052 4417 1168 4481 per
1197 4418 1442 4461 annum
1472 4403 1566 4461 23.
1678 4396 1873 4461 Unde
1921 4393 2119 4457 soluti
2163 4394 2374 4461 eidem
2416 4419 2535 4484 per

245 4482 568 4568 Rogemm
599 4480 836 4568 Smyth
873 4490 900 4547 1
931 4480 1265 4549 Februarii
1294 4504 1465 4548 anno
1494 4488 1685 4562 1531,
1716 4490 1809 4545 23.
1900 4480 1991 4545 Et
2021 4477 2298 4565 quietus.
